@Article{Lutchyn2010,
  author  = {Lutchyn, Roman M. and Sau, Jay D. and Das Sarma, S.},
  title   = {Majorana {Fermions} and a {Topological} {Phase} {Transition} in {Semiconductor}-{Superconductor} {Heterostructures}},
  journal = {Phys. Rev. Lett.},
  year    = {2010},
  volume  = {105},
  number  = {7},
  pages   = {077001},
  month   = aug,
  doi     = {10.1103/PhysRevLett.105.077001},
}

@Article{Oreg2010,
  author  = {Oreg, Yuval and Refael, Gil and von Oppen, Felix},
  title   = {Helical {Liquids} and {Majorana} {Bound} {States} in {Quantum} {Wires}},
  journal = {Phys. Rev. Lett.},
  year    = {2010},
  volume  = {105},
  number  = {17},
  pages   = {177002},
  month   = oct,
  doi     = {10.1103/PhysRevLett.105.177002},
}

@Article{Alicea2012,
  author    = {Alicea, Jason},
  title     = {New directions in the pursuit of {Majorana} fermions in solid state systems},
  journal   = {Rep. Prog. Phys.},
  year      = {2012},
  volume    = {75},
  number    = {7},
  pages     = {076501},
  doi       = {10.1088/0034-4885/75/7/076501},
  publisher = {IOP Publishing},
}

@Article{Beenakker2013,
  author    = {Beenakker, CWJ},
  title     = {Search for {M}ajorana fermions in superconductors},
  journal   = {Annu. Rev. Condens. Ma. P.},
  year      = {2013},
  volume    = {4},
  number    = {1},
  pages     = {113--136},
  doi       = {10.1146/annurev-conmatphys-030212-184337},
  publisher = {Annual Reviews},
}

@Article{Mourik2012,
  author  = {Mourik, V. and Zuo, K. and Frolov, S. M. and Plissard, S. R. and Bakkers, E. P. a. M. and Kouwenhoven, L. P.},
  title   = {Signatures of {Majorana} {Fermions} in {Hybrid} {Superconductor}-{Semiconductor} {Nanowire} {Devices}},
  journal = {Science},
  year    = {2012},
  volume  = {336},
  number  = {6084},
  pages   = {1003--1007},
  month   = may,
  doi     = {10.1126/science.1222360},
  url     = {http://www.sciencemag.org/content/336/6084/1003},
}

@Article{Das2012,
  author  = {Das, Anindya and Ronen, Yuval and Most, Yonatan and Oreg, Yuval and Heiblum, Moty and Shtrikman, Hadas},
  title   = {Zero-bias peaks and splitting in an {Al}-{InAs} nanowire topological superconductor as a signature of {Majorana} fermions},
  journal = {Nat. Phys.},
  year    = {2012},
  volume  = {8},
  number  = {12},
  pages   = {887--895},
  month   = dec,
  doi     = {10.1038/nphys2479},
  url     = {http://www.nature.com/nphys/journal/v8/n12/full/
                  nphys2479.html},
}

@Article{Deng2012,
  author  = {Deng, M. T. and Yu, C. L. and Huang, G. Y. and Larsson, M. and Caroff, P. and Xu, H. Q.},
  title   = {Anomalous {Zero}-{Bias} {Conductance} {Peak} in a {Nb}--{InSb} {Nanowire}--{Nb} {Hybrid} {Device}},
  journal = {Nano Lett.},
  year    = {2012},
  volume  = {12},
  number  = {12},
  pages   = {6414--6419},
  month   = dec,
  doi     = {10.1021/nl303758w},
}

@Article{Churchill2013,
  author  = {Churchill, H. O. H. and Fatemi, V. and Grove-Rasmussen, K. and Deng, M. T. and Caroff, P. and Xu, H. Q. and Marcus, C. M.},
  title   = {Superconductor-nanowire devices from tunneling to the multichannel regime: {Zero}-bias oscillations and magnetoconductance crossover},
  journal = {Phys. Rev. B},
  year    = {2013},
  volume  = {87},
  number  = {24},
  pages   = {241401},
  month   = jun,
  doi     = {10.1103/PhysRevB.87.241401},
}

@Article{Zhang2018,
  author    = {Zhang, Hao and Liu, Chun-Xiao and Gazibegovic, Sasa and Xu, Di and Logan, John A and Wang, Guanzhong and Van Loo, Nick and Bommer, Jouri DS and De Moor, Michiel WA and Car, Diana and others},
  title     = {Quantized {M}ajorana conductance},
  journal   = {Nature},
  year      = {2018},
  volume    = {556},
  number    = {7699},
  pages     = {74},
  doi       = {10.1038/nature26142},
  publisher = {Nature Publishing Group},
}

@Article{Pientka2017,
  author    = {Pientka, Falko and Keselman, Anna and Berg, Erez and Yacoby, Amir and Stern, Ady and Halperin, Bertrand I},
  title     = {Topological {Superconductivity} in a {Planar} {Josephson} {Junction}},
  journal   = {Phys. Rev. X},
  year      = {2017},
  volume    = {7},
  number    = {2},
  pages     = {021032},
  doi       = {10.1103/PhysRevX.7.021032},
  publisher = {APS},
}

@Article{Hell2017,
  author    = {Hell, Michael and Leijnse, Martin and Flensberg, Karsten},
  title     = {Two-dimensional platform for networks of {Majorana} bound states},
  journal   = {Phys. Rev. Lett.},
  year      = {2017},
  volume    = {118},
  number    = {10},
  pages     = {107701},
  doi       = {10.1103/PhysRevLett.118.107701},
  publisher = {APS},
}

@Article{Fornieri2018,
  author        = {Fornieri, Antonio and Whiticar, Alexander M. and Setiawan, F. and Mar{\'{i}}n, El{\'{i}}as Portol{\'{e}}s and Drachmann, Asbj{\o}rn C. C. and Keselman, Anna and Gronin, Sergei and Thomas, Candice and Wang, Tian and Kallaher, Ray and Gardner, Geoffrey C. and Berg, Erez and Manfra, Michael J. and Stern, Ady and Marcus, Charles M. and Nichele, Fabrizio},
  title         = {Evidence of topological superconductivity in planar {Josephson} junctions},
  year          = {2018},
  month         = sep,
  archiveprefix = {arXiv},
  eprint        = {1809.03037},
  primaryclass  = {cond-mat},
  url           = {http://arxiv.org/abs/1809.03037},
}

@Article{Ren2018,
  author        = {Ren, Hechen and Pientka, Falko and Hart, Sean and Pierce, Andrew and Kosowsky, Michael and Lunczer, Lukas and Schlereth, Raimund and Scharf, Benedikt and Hankiewicz, Ewelina M. and Molenkamp, Laurens W. and Halperin, Bertrand I. and Yacoby, Amir},
  title         = {Topological {Superconductivity} in a {Phase}-{Controlled} {Josephson} {Junction}},
  year          = {2018},
  month         = sep,
  archiveprefix = {arXiv},
  eprint        = {1809.03076},
  primaryclass  = {cond-mat},
  url           = {http://arxiv.org/abs/1809.03076},
}

@Article{Nijholt2015,
  author    = {Nijholt, Bas and Akhmerov, Anton R},
  title     = {{Orbital} effect of magnetic field on the {Majorana} phase diagram},
  journal   = {Phys. Rev. B},
  year      = {2015},
  volume    = {93},
  number    = {23},
  pages     = {235434},
  doi       = {10.1103/PhysRevB.93.235434},
  publisher = {American Physical Society},
}

@Article{Haim2018,
  author        = {Haim, Arbel and Stern, Ady},
  title         = {The double-edge sword of disorder in multichannel topological superconductors},
  year          = {2018},
  month         = aug,
  archiveprefix = {arXiv},
  eprint        = {1808.07886},
  primaryclass  = {cond-mat},
  url           = {http://arxiv.org/abs/1808.07886},
}

@Article{Groth2014,
  author  = {Groth, Christoph W. and Wimmer, Michael and Akhmerov, Anton R. and Waintal, Xavier},
  title   = {Kwant: a software package for quantum transport},
  journal = {New J. Phys.},
  year    = {2014},
  volume  = {16},
  number  = {6},
  pages   = {063065},
  month   = jun,
  doi     = {10.1088/1367-2630/16/6/063065},
  url     = {http://iopscience.iop.org/1367-2630/16/6/063065},
}

@Misc{Nijholt2019a,
  author       = {Bas Nijholt and Joseph Weston and Jorn Hoofwijk and Anton Akhmerov},
  title        = {python-adaptive/adaptive: version 0.7.3},
  howpublished = {Software on Zenodo},
  month        = jan,
  year         = {2019},
  note         = {Tools for the adaptive and parallel sampling of mathematical functions, available at http://dx.doi.org/10.5281/zenodo.1182437},
  doi          = {10.5281/zenodo.1182437},
  publisher    = {Zenodo},
}

@Misc{Nijholt2019,
  author       = {Nijholt, Bas and Laeven, Tom and Wimmer, Michael and Akhmerov, Anton R.},
  title        = {{Enhanced} proximity effect in zigzag-shaped {Majorana} {Josephson} junctions.},
  howpublished = {Dataset on Zenodo},
  month        = mar,
  year         = {2019},
  note         = {Available at http://dx.doi.org/10.5281/zenodo.2578027},
  doi          = {10.5281/zenodo.2578027},
  publisher    = {Zenodo},
}

@Article{Varjas2018,
  author    = {Varjas, D{\'a}niel and Rosdahl, T{\'o}mas {\"O} and Akhmerov, Anton R},
  title     = {{Q}symm: {A}lgorithmic symmetry finding and symmetric {H}amiltonian generation},
  journal   = {New J. Phys.},
  year      = {2018},
  volume    = {20},
  number    = {9},
  pages     = {093026},
  doi       = {10.1088/1367-2630/aadf67},
  publisher = {IOP Publishing},
}

@Article{Setiawan2019,
  author        = {{Setiawan}, F. and {Stern}, Ady and {Berg}, Erez},
  title         = {{Topological superconductivity in planar {Josephson} junctions -- narrowing down to the nanowire limit}},
  year          = {2019},
  month         = feb,
  archiveprefix = {arXiv},
  eprint        = {1902.11300},
  primaryclass  = {cond-mat},
  url           = {https://arxiv.org/abs/1902.11300},
}

@Misc{Vries,
  author       = {de Vries, Fokko K. and Wang, Qingzhen and Goswami, Srijit},
  howpublished = {Private communications},
}

@Article{Beenakker2016,
  author    = {Beenakker, Carlo and Kouwenhoven, Leo},
  title     = {A road to reality with topological superconductors},
  journal   = {Nat. Phys.},
  year      = {2016},
  volume    = {12},
  number    = {7},
  pages     = {618},
  doi       = {10.1038/nphys3778},
  publisher = {Nature Publishing Group},
}

@Article{Leijnse2012,
  author    = {Leijnse, Martin and Flensberg, Karsten},
  title     = {Introduction to topological superconductivity and {M}ajorana fermions},
  journal   = {Semicond. Sci. Tech.},
  year      = {2012},
  volume    = {27},
  number    = {12},
  pages     = {124003},
  doi       = {10.1088/0268-1242/27/12/124003},
  publisher = {IOP Publishing},
}

@Article{Liu2017,
  author  = {Liu, Chun-Xiao and Setiawan, F. and Sau, Jay D. and Das Sarma, S.},
  title   = {Phenomenology of the soft gap, zero-bias peak, and zero-mode splitting in ideal {M}ajorana nanowires},
  journal = {Phys. Rev. B},
  year    = {2017},
  volume  = {96},
  number  = {5},
  pages   = {054520},
  month   = aug,
  doi     = {10.1103/PhysRevB.96.054520},
}

@Article{Gennes1963,
  author  = {de Gennes, P. G. and Saint-James, D.},
  title   = {Elementary excitations in the vicinity of a normal metal-superconducting metal contact},
  journal = {Phys. Lett.},
  year    = {1963},
  volume  = {4},
  number  = {2},
  pages   = {151--152},
  month   = mar,
  doi     = {10.1016/0031-9163(63)90148-3},
}

@InCollection{Beenakker2005,
  author    = {Beenakker, C.W.J.},
  title     = {Andreev Billiards},
  booktitle = {Quantum Dots: a Doorway to Nanoscale Physics},
  publisher = {Springer},
  year      = {2005},
  editor    = {Beig, R. and Beiglböck, W. and Domcke, W. and Englert, B.-G. and Frisch, U. and Hänggi, P. and Hasinger, G. and Hepp, K. and Hillebrandt, W. and Imboden, D. and Jaffe, R. L. and Lipowsky, R. and Löhneysen, H. v. and Ojima, I. and Sornette, D. and Theisen, S. and Weise, W. and Wess, J. and Zittartz, J. and Dieter Heiss, W.},
  volume    = {667},
  pages     = {131--174},
  address   = {Berlin, Heidelberg},
  month     = mar,
  isbn      = {978-3-540-24236-9 978-3-540-31523-0},
  doi       = {10.1007/11358817_4},
}

@Article{Stanescu2014,
  author  = {Stanescu, Tudor D. and Lutchyn, Roman M. and Das Sarma, S.},
  title   = {Soft superconducting gap in semiconductor-based {M}ajorana nanowires},
  journal = {Phys. Rev. B},
  year    = {2014},
  volume  = {90},
  number  = {8},
  month   = aug,
  doi     = {10.1103/PhysRevB.90.085302},
}

@Article{Takei2013,
  author  = {Takei, So and Fregoso, Benjamin M. and Hui, Hoi-Yin and Lobos, Alejandro M. and Das Sarma, S.},
  title   = {Soft Superconducting Gap in Semiconductor {M}ajorana Nanowires},
  journal = {Phys. Rev. Lett.},
  year    = {2013},
  volume  = {110},
  number  = {18},
  month   = apr,
  doi     = {10.1103/PhysRevLett.110.186803},
  urldate = {2019-03-08},
}

@Article{Golubov1988,
  author    = {Golubov, AA and Kupriyanov, M Yu},
  title     = {Theoretical investigation of {J}osephson tunnel junctions with spatially inhomogeneous superconducting electrodes},
  journal   = {Journal of low temperature physics},
  year      = {1988},
  volume    = {70},
  number    = {1-2},
  pages     = {83--130},
  doi       = {10.1007/BF00683247},
  publisher = {Springer},
}

@Article{Belzig1996,
  author    = {Belzig, Wolfgang and Bruder, Christoph and Sch{\"o}n, Gerd},
  title     = {Local density of states in a dirty normal metal connected to a superconductor},
  journal   = {Phys. Rev. B},
  year      = {1996},
  volume    = {54},
  number    = {13},
  pages     = {9443},
  doi       = {10.1103/PhysRevB.54.9443},
  publisher = {APS},
}

@Article{Pilgram2000,
  author    = {Pilgram, Sebastian and Belzig, Wolfgang and Bruder, Christoph},
  title     = {Excitation spectrum of mesoscopic proximity structures},
  journal   = {Phys. Rev. B},
  year      = {2000},
  volume    = {62},
  number    = {18},
  pages     = {12462},
  doi       = {10.1103/PhysRevB.62.12462},
  publisher = {APS},
}
