% Below has no DOI

@Misc{Vries,
  author       = {de Vries, Fokko K. and Wang, Qingzhen and Goswami, Srijit},
  howpublished = {Private communications},
}

% Below is from crossref import

@article{Alicea2012,
  doi = {10.1088/0034-4885/75/7/076501},
  url = {https://doi.org/10.1088%2F0034-4885%2F75%2F7%2F076501},
  year = 2012,
  month = {jun},
  publisher = {{IOP} Publishing},
  volume = {75},
  number = {7},
  pages = {076501},
  author = {Jason Alicea},
  title = {New directions in the pursuit of Majorana fermions in solid state systems},
  journal = {Reports on Progress in Physics}
} 

@incollection{Beenakker2005,
  doi = {10.1007/11358817_4},
  url = {https://doi.org/10.1007%2F11358817_4},
  year = 2005,
  month = {mar},
  publisher = {Springer Berlin Heidelberg},
  pages = {131--174},
  author = {C.W.J. Beenakker},
  title = {Andreev Billiards},
  booktitle = {Quantum Dots: a Doorway to Nanoscale Physics}
} 

@article{Beenakker2013,
  doi = {10.1146/annurev-conmatphys-030212-184337},
  url = {https://doi.org/10.1146%2Fannurev-conmatphys-030212-184337},
  year = 2013,
  month = {apr},
  publisher = {Annual Reviews},
  volume = {4},
  number = {1},
  pages = {113--136},
  author = {C.W.J. Beenakker},
  title = {Search for Majorana Fermions in Superconductors},
  journal = {Annual Review of Condensed Matter Physics}
} 

@article{Beenakker2016,
  doi = {10.1038/nphys3778},
  url = {https://doi.org/10.1038%2Fnphys3778},
  year = 2016,
  month = {jun},
  publisher = {Springer Science and Business Media {LLC}},
  volume = {12},
  number = {7},
  pages = {618--621},
  author = {Carlo Beenakker and Leo Kouwenhoven},
  title = {A road to reality with topological superconductors},
  journal = {Nature Physics}
} 

@article{Belzig1996,
  doi = {10.1103/physrevb.54.9443},
  url = {https://doi.org/10.1103%2Fphysrevb.54.9443},
  year = 1996,
  month = {oct},
  publisher = {American Physical Society ({APS})},
  volume = {54},
  number = {13},
  pages = {9443--9448},
  author = {W. Belzig and C. Bruder and Gerd Sch\"{o}n},
  title = {Local density of states in a dirty normal metal connected to a superconductor},
  journal = {Physical Review B}
} 

@article{Churchill2013,
  doi = {10.1103/physrevb.87.241401},
  url = {https://doi.org/10.1103%2Fphysrevb.87.241401},
  year = 2013,
  month = {jun},
  publisher = {American Physical Society ({APS})},
  volume = {87},
  number = {24},
  author = {H. O. H. Churchill and V. Fatemi and K. Grove-Rasmussen and M. T. Deng and P. Caroff and H. Q. Xu and C. M. Marcus},
  title = {Superconductor-nanowire devices from tunneling to the multichannel regime: Zero-bias oscillations and magnetoconductance crossover},
  journal = {Physical Review B}
} 

@article{Das2012,
  doi = {10.1038/nphys2479},
  url = {https://doi.org/10.1038%2Fnphys2479},
  year = 2012,
  month = {nov},
  publisher = {Springer Science and Business Media {LLC}},
  volume = {8},
  number = {12},
  pages = {887--895},
  author = {Anindya Das and Yuval Ronen and Yonatan Most and Yuval Oreg and Moty Heiblum and Hadas Shtrikman},
  title = {Zero-bias peaks and splitting in an Al{\textendash}{InAs} nanowire topological superconductor as a signature of Majorana fermions},
  journal = {Nature Physics}
} 

@article{Deng2012,
  doi = {10.1021/nl303758w},
  url = {https://doi.org/10.1021%2Fnl303758w},
  year = 2012,
  month = {nov},
  publisher = {American Chemical Society ({ACS})},
  volume = {12},
  number = {12},
  pages = {6414--6419},
  author = {M. T. Deng and C. L. Yu and G. Y. Huang and M. Larsson and P. Caroff and H. Q. Xu},
  title = {Anomalous Zero-Bias Conductance Peak in a Nb{\textendash}{InSb} Nanowire{\textendash}Nb Hybrid Device},
  journal = {Nano Letters}
} 

@article{Fornieri2019,
  doi = {10.1038/s41586-019-1068-8},
  url = {https://doi.org/10.1038%2Fs41586-019-1068-8},
  year = 2019,
  month = {apr},
  publisher = {Springer Science and Business Media {LLC}},
  volume = {569},
  number = {7754},
  pages = {89--92},
  author = {Antonio Fornieri and Alexander M. Whiticar and F. Setiawan and El{\'{\i}}as Portol{\'{e}}s and Asbj{\o}rn C. C. Drachmann and Anna Keselman and Sergei Gronin and Candice Thomas and Tian Wang and Ray Kallaher and Geoffrey C. Gardner and Erez Berg and Michael J. Manfra and Ady Stern and Charles M. Marcus and Fabrizio Nichele},
  title = {Evidence of topological superconductivity in planar Josephson junctions},
  journal = {Nature}
} 

@article{Gennes1963,
  doi = {10.1016/0031-9163(63)90148-3},
  url = {https://doi.org/10.1016%2F0031-9163%2863%2990148-3},
  year = 1963,
  month = {mar},
  publisher = {Elsevier {BV}},
  volume = {4},
  number = {2},
  pages = {151--152},
  author = {P.G. de Gennes and D. Saint-James},
  title = {Elementary excitations in the vicinity of a normal metal-superconducting metal contact},
  journal = {Physics Letters}
} 

@article{Golubov1988,
  doi = {10.1007/bf00683247},
  url = {https://doi.org/10.1007%2Fbf00683247},
  year = 1988,
  month = {jan},
  publisher = {Springer Nature},
  volume = {70},
  number = {1-2},
  pages = {83--130},
  author = {A. A. Golubov and M. Yu. Kupriyanov},
  title = {Theoretical investigation of Josephson tunnel junctions with spatially inhomogeneous superconducting electrodes},
  journal = {Journal of Low Temperature Physics}
} 

@article{Groth2014,
  doi = {10.1088/1367-2630/16/6/063065},
  url = {https://doi.org/10.1088%2F1367-2630%2F16%2F6%2F063065},
  year = 2014,
  month = {jun},
  publisher = {{IOP} Publishing},
  volume = {16},
  number = {6},
  pages = {063065},
  author = {Christoph W Groth and Michael Wimmer and Anton R Akhmerov and Xavier Waintal},
  title = {Kwant: a software package for quantum transport},
  journal = {New Journal of Physics}
} 

@article{Haim2019,
  doi = {10.1103/physrevlett.122.126801},
  url = {https://doi.org/10.1103%2Fphysrevlett.122.126801},
  year = 2019,
  month = {mar},
  publisher = {American Physical Society ({APS})},
  volume = {122},
  number = {12},
  author = {Arbel Haim and Ady Stern},
  title = {Benefits of Weak Disorder in One-Dimensional Topological Superconductors},
  journal = {Physical Review Letters}
} 

@article{Hell2017,
  doi = {10.1103/physrevlett.118.107701},
  url = {https://doi.org/10.1103%2Fphysrevlett.118.107701},
  year = 2017,
  month = {mar},
  publisher = {American Physical Society ({APS})},
  volume = {118},
  number = {10},
  author = {Michael Hell and Martin Leijnse and Karsten Flensberg},
  title = {Two-Dimensional Platform for Networks of Majorana Bound States},
  journal = {Physical Review Letters}
} 

@misc{Laeven2019,
  doi = {10.5281/zenodo.2578027},
  url = {https://zenodo.org/record/2578027},
  author = {Laeven, Tom and Nijholt, Bas and Akhmerov, Anton R. and Wimmer, Michael},
  keywords = {Majorana, condensed matter, quantum physics, Python, Josephson junction, Jupyter notebook},
  title = {Enhanced proximity effect in zigzag-shaped Majorana Josephson junctions},
  publisher = {Zenodo},
  year = {2019}
}
 

@article{Leijnse2012,
  doi = {10.1088/0268-1242/27/12/124003},
  url = {https://doi.org/10.1088%2F0268-1242%2F27%2F12%2F124003},
  year = 2012,
  month = {nov},
  publisher = {{IOP} Publishing},
  volume = {27},
  number = {12},
  pages = {124003},
  author = {Martin Leijnse and Karsten Flensberg},
  title = {Introduction to topological superconductivity and Majorana fermions},
  journal = {Semiconductor Science and Technology}
} 

@article{Liu2017,
  doi = {10.1103/physrevb.96.054520},
  url = {https://doi.org/10.1103%2Fphysrevb.96.054520},
  year = 2017,
  month = {aug},
  publisher = {American Physical Society ({APS})},
  volume = {96},
  number = {5},
  author = {Chun-Xiao Liu and F. Setiawan and Jay D. Sau and S. Das Sarma},
  title = {Phenomenology of the soft gap, zero-bias peak, and zero-mode splitting in ideal Majorana nanowires},
  journal = {Physical Review B}
} 

@article{Lutchyn2010,
  doi = {10.1103/physrevlett.105.077001},
  url = {https://doi.org/10.1103%2Fphysrevlett.105.077001},
  year = 2010,
  month = {aug},
  publisher = {American Physical Society ({APS})},
  volume = {105},
  number = {7},
  author = {Roman M. Lutchyn and Jay D. Sau and S. Das Sarma},
  title = {Majorana Fermions and a Topological Phase Transition in Semiconductor-Superconductor Heterostructures},
  journal = {Physical Review Letters}
} 

@article{Mourik2012,
  doi = {10.1126/science.1222360},
  url = {https://doi.org/10.1126%2Fscience.1222360},
  year = 2012,
  month = {apr},
  publisher = {American Association for the Advancement of Science ({AAAS})},
  volume = {336},
  number = {6084},
  pages = {1003--1007},
  author = {V. Mourik and K. Zuo and S. M. Frolov and S. R. Plissard and E. P. A. M. Bakkers and L. P. Kouwenhoven},
  title = {Signatures of Majorana Fermions in Hybrid Superconductor-Semiconductor Nanowire Devices},
  journal = {Science}
} 

@article{Nijholt2016,
  doi = {10.1103/physrevb.93.235434},
  url = {https://doi.org/10.1103%2Fphysrevb.93.235434},
  year = 2016,
  month = {jun},
  publisher = {American Physical Society ({APS})},
  volume = {93},
  number = {23},
  author = {Bas Nijholt and Anton R. Akhmerov},
  title = {Orbital effect of magnetic field on the Majorana phase diagram},
  journal = {Physical Review B}
} 

@misc{Nijholt2019,
  doi = {10.5281/zenodo.1182437},
  url = {https://zenodo.org/record/1182437},
  author = {Nijholt, Bas and Weston, Joseph and {JornHoofwijk} and Akhmerov, Anton},
  title = {python-adaptive/adaptive: version 0.8.0},
  publisher = {Zenodo},
  year = {2019}
}
 

@article{Oreg2010,
  doi = {10.1103/physrevlett.105.177002},
  url = {https://doi.org/10.1103%2Fphysrevlett.105.177002},
  year = 2010,
  month = {oct},
  publisher = {American Physical Society ({APS})},
  volume = {105},
  number = {17},
  author = {Yuval Oreg and Gil Refael and Felix von Oppen},
  title = {Helical Liquids and Majorana Bound States in Quantum Wires},
  journal = {Physical Review Letters}
} 

@article{Pientka2017,
  doi = {10.1103/physrevx.7.021032},
  url = {https://doi.org/10.1103%2Fphysrevx.7.021032},
  year = 2017,
  month = {may},
  publisher = {American Physical Society ({APS})},
  volume = {7},
  number = {2},
  author = {Falko Pientka and Anna Keselman and Erez Berg and Amir Yacoby and Ady Stern and Bertrand I. Halperin},
  title = {Topological Superconductivity in a Planar Josephson Junction},
  journal = {Physical Review X}
} 

@article{Pilgram2000,
  doi = {10.1103/physrevb.62.12462},
  url = {https://doi.org/10.1103%2Fphysrevb.62.12462},
  year = 2000,
  month = {nov},
  publisher = {American Physical Society ({APS})},
  volume = {62},
  number = {18},
  pages = {12462--12467},
  author = {S. Pilgram and W. Belzig and C. Bruder},
  title = {Excitation spectrum of mesoscopic proximity structures},
  journal = {Physical Review B}
} 

@article{Ren2019,
  doi = {10.1038/s41586-019-1148-9},
  url = {https://doi.org/10.1038%2Fs41586-019-1148-9},
  year = 2019,
  month = {apr},
  publisher = {Springer Science and Business Media {LLC}},
  volume = {569},
  number = {7754},
  pages = {93--98},
  author = {Hechen Ren and Falko Pientka and Sean Hart and Andrew T. Pierce and Michael Kosowsky and Lukas Lunczer and Raimund Schlereth and Benedikt Scharf and Ewelina M. Hankiewicz and Laurens W. Molenkamp and Bertrand I. Halperin and Amir Yacoby},
  title = {Topological superconductivity in a phase-controlled Josephson junction},
  journal = {Nature}
} 

@article{Setiawan2019,
  doi = {10.1103/physrevb.99.220506},
  url = {https://doi.org/10.1103%2Fphysrevb.99.220506},
  year = 2019,
  month = {jun},
  publisher = {American Physical Society ({APS})},
  volume = {99},
  number = {22},
  author = {F. Setiawan and Ady Stern and Erez Berg},
  title = {Topological superconductivity in planar Josephson junctions: Narrowing down to the nanowire limit},
  journal = {Physical Review B}
} 

@article{Stanescu2014,
  doi = {10.1103/physrevb.90.085302},
  url = {https://doi.org/10.1103%2Fphysrevb.90.085302},
  year = 2014,
  month = {aug},
  publisher = {American Physical Society ({APS})},
  volume = {90},
  number = {8},
  author = {Tudor D. Stanescu and Roman M. Lutchyn and S. Das Sarma},
  title = {Soft superconducting gap in semiconductor-based Majorana nanowires},
  journal = {Physical Review B}
} 

@article{Takei2013,
  doi = {10.1103/physrevlett.110.186803},
  url = {https://doi.org/10.1103%2Fphysrevlett.110.186803},
  year = 2013,
  month = {apr},
  publisher = {American Physical Society ({APS})},
  volume = {110},
  number = {18},
  author = {So Takei and Benjamin M. Fregoso and Hoi-Yin Hui and Alejandro M. Lobos and S. Das Sarma},
  title = {Soft Superconducting Gap in Semiconductor Majorana Nanowires},
  journal = {Physical Review Letters}
} 

@article{Varjas2018,
  doi = {10.1088/1367-2630/aadf67},
  url = {https://doi.org/10.1088%2F1367-2630%2Faadf67},
  year = 2018,
  month = {sep},
  publisher = {{IOP} Publishing},
  volume = {20},
  number = {9},
  pages = {093026},
  author = {D{\'{a}}niel Varjas and T{\'{o}}mas \"{O} Rosdahl and Anton R Akhmerov},
  title = {Qsymm: algorithmic symmetry finding and symmetric Hamiltonian generation},
  journal = {New Journal of Physics}
} 

@article{Zhang2018,
  doi = {10.1038/nature26142},
  url = {https://doi.org/10.1038%2Fnature26142},
  year = 2018,
  month = {mar},
  publisher = {Springer Nature},
  volume = {556},
  number = {7699},
  pages = {74--79},
  author = {Hao Zhang and Chun-Xiao Liu and Sasa Gazibegovic and Di Xu and John A. Logan and Guanzhong Wang and Nick van Loo and Jouri D. S. Bommer and Michiel W. A. de Moor and Diana Car and Roy L. M. Op het Veld and Petrus J. van Veldhoven and Sebastian Koelling and Marcel A. Verheijen and Mihir Pendharkar and Daniel J. Pennachio and Borzoyeh Shojaei and Joon Sue Lee and Chris J. Palmstr{\o}m and Erik P. A. M. Bakkers and S. Das Sarma and Leo P. Kouwenhoven},
  title = {Quantized Majorana conductance},
  journal = {Nature}
} 
